@book{ConvexPolytopes,
  title={Convex Polytopes},
  author={Gr√ºnbaum, Branko and others},
  volume={221},
  year={2003},
  publisher={Springer}
}

@article{devos2010eberhard,
  title={An {Eberhard}-like theorem for pentagons and heptagons},
  author={DeVos, Matt and Georgakopoulos, Agelos and Mohar, Bojan and {\v{S}}{\'a}mal, Robert},
  journal={Discrete \& Computational Geometry},
  volume={44},
  number={4},
  pages={931--945},
  year={2010},
  publisher={Springer}
}

@article{jendrol1977generalization,
  title={Generalization of a theorem by {V. Eberhard}},
  author={Jendrol', Stanislav and Jucovi{\v{c}}, Ernest},
  journal={Mathematica Slovaca},
  volume={27},
  number={4},
  pages={383--407},
  year={1977},
  publisher={Mathematical Institute of the Slovak Academy of Sciences}
}
